@article{HaplotypeReferenceConsortium,
	author = {Haplotype Reference Consortium},
	title = {A reference panel of 64,976 haplotypes for genotype imputation},
	journaltitle = {Nature Genetics},
	year = {2016},
	month = {8}, 
	day = {3},
	issue = {48},
	pages = {1279–1283},
	doi = {10.1038/ng.3643},
	url = {https://doi.org/10.1038/ng.3643}
}

@article{ChiselBiorxiv,
	author = {Zaccaria, S. and Raphael, B.J.},
	title = {Characterizing the allele- and haplotype-specific copy number landscape of cancer genomes at single-cell resolution with CHISEL},
	journaltitle = {bioRxiv},
	year = "2019",
	month = "11",
	day = "10",
	doi = {10.1101/837195},
	url = {https://doi.org/10.1101/837195},
}

@article{Choi2018Plos,
	author = {Choi, Y. and Chan, A. and Kirkness, E. and Telenti, A. and Schork, N.},
	title = {Comparison of phasing strategies for whole human genomes},
	journaltitle = {PLOS GENETICS},
	year = "2018",
	month = "4",
	day = "5",
	doi = {10.1371/journal.pgen.1007308},
	url = {https://doi.org/10.1371/journal.pgen.1007308},
}

@book{MurphyProbabilisticML,
	author = {Murphy, K.P.},
	title = {Machine Learning: A Probabilistic Perspective},
	year = "2012",
	publisher = {The MIT Press},
	isbn = {978-0-262-01802-9}
}

@article{Eagle2,
	author = {Loh, P.R. and Danecek, P. and Palamara, P.F. and Fuchsberger, C. and Reshef, Y.},
	title = {Reference-based phasing using the Haplotype Reference Consortium panel},
	journaltitle = {Nature Genetics},
	year = {2016},
	month = {10}, 
	day = {3},
	issue = {48},
	pages = {1443–1448},
	doi = {10.1038/ng.3679},
	url = {https://doi.org/10.1038/ng.3679}
}